@TECHREPORT{AdvisorsonScience,
  author = {President’s Council of Advisors on	
	Science and Technology (PCAST)},
  title = {Report to the President: Realizing the Full Potential of Government-Held
	Spectrum to Spur Economic Growth},
  institution = {PCAST},
  year = {2012},
  file = {:/Users/mariol/Docear/projects/My Thesis/literature_repository/pcast_spectrum_report_final_july_20_2012.pdf:PDF},
  owner = {mariol},
  timestamp = {2015.02.21}
}

@ARTICLE{Andrews2014,
  author = {Andrews, Jeffrey G and Buzzi, Stefano and Choi, Wan and Hanly, Stephen
	and Lozano, Angel and Soong, Anthony CK and Zhang, Jianzhong Charlie},
  title = {What will 5G be?},
  year = {2014},
  owner = {mariol},
  publisher = {IEEE},
  timestamp = {2015.02.22}
}

@TECHREPORT{CTIA2011,
  author = {CTIA - The Wireless Association},
  title = {In the Matter of Promoting More Efficient Use of Spectrum Through
	Dynamic Spectrum Use Technologies. Comments of CTIA - The Wireless
	Association},
  institution = {CTIA - The Wirelss Association},
  year = {2011},
  note = {ET Docket No. 10-237},
  file = {:/Users/mariol/Docear/projects/My Thesis/literature_repository/ctia-files-comments-on-fcc's-dynamic-spectrum-access-.pdf:PDF},
  owner = {mariol},
  timestamp = {2015.02.20}
}

@ELECTRONIC{Baker2015,
  author = {Meredith Attwell Baker},
  month = {January},
  year = {2015},
  title = {CTIA Statement After the Conclusion of the FCC’s AWS-3 Spectrum Auction},
  organization = {CTIA Blog},
  url = {CTIA Statement After the Conclusion of the FCC’s AWS-3 Spectrum Auction},
  owner = {mariol},
  timestamp = {2015.02.21}
}

@ELECTRONIC{Br2012,
  author = {Brian X. Chen},
  month = {May},
  year = {2012},
  title = {Q.\&A.: Martin Cooper, Father of the Cellphone, on Spectrum Sharing},
  organization = {The New York Times},
  url = {http://bits.blogs.nytimes.com/2012/05/31/qa-marty-cooper-spectrum-sharing/},
  owner = {mariol},
  timestamp = {2015.02.21}
}

@ELECTRONIC{Chen2012,
  author = {Brian X. Chen},
  month = {May},
  year = {2012},
  title = {Q.\&A.: Wireless Industry Likes Spectrum Sharing, but Still Wants
	More},
  organization = {The New York Times},
  url = {http://bits.blogs.nytimes.com/2012/05/30/qa-ctia-spectrum-sharing/?_r=0},
  owner = {mariol},
  timestamp = {2015.02.20}
}

@ELECTRONIC{Chen2012b,
  author = {Brian X. Chen},
  month = {April},
  year = {2012},
  title = {Carriers Warn of Crisis in Mobile Spectrum},
  organization = {The New York Times},
  url = {http://www.nytimes.com/2012/04/18/technology/mobile-carriers-warn-of-spectrum-crisis-others-see-hyperbole.html?pagewanted=all},
  owner = {mariol},
  timestamp = {2015.02.21}
}

@ELECTRONIC{FCC2015,
  author = {FCC},
  year = {2015},
  title = {Interactive specrum chart},
  url = {http://reboot.fcc.gov/spectrumdashboard/searchSpectrum.seam},
  owner = {mariol},
  timestamp = {2015.02.19}
}

@INBOOK{Kelly2012,
  chapter = {Spectrum Trading in the EU and the US - Shifting Ends and Means},
  title = {The International Comparative Legal Guide to: Telecommunication Laws
	and Regulations},
  publisher = {Global Legal Group},
  year = {2012},
  author = {R. B. Kelly and A. Lafrance},
  owner = {mariol},
  timestamp = {2015.02.22}
}

@BOOK{Nuechterlein2013,
  title = {Digital Crossroads},
  publisher = {The MIT PRESS},
  year = {2013},
  author = {Johanthan E. Nuechterlein},
  owner = {mariol},
  timestamp = {2015.02.19}
}

@ELECTRONIC{Roche2015,
  author = {R. Roche},
  month = {February},
  year = {2015},
  title = {Mobile Usage Continues to Increase + Projections Say Skyrocketing
	Demand = More Spectrum Required},
  url = {http://blog.ctia.org/2015/02/06/mobile-usage-more-spectrum-required/},
  owner = {mariol},
  timestamp = {2015.02.21}
}

@ARTICLE{Yoon2012,
  author = {Yoon, Hyenyoung Hwang, Junseok Weiss, Martin B.H.},
  title = {An analytic research on secondary-spectrum trading mechanisms based
	on technical and market changes},
  journal = {Computer Network},
  year = {2012},
  owner = {mariol},
  timestamp = {2015.02.22}
}


