@book{ref:Goldsmith2,
	Address = {NY},
	Author = {Biglieri, E. and Goldsmith, Andrea J. and Greenstein, J. Larry and Mandayam, B. Narayan and Poor, Vicent H.},
	Publisher = {Cambridge University Press},
	Title = {Principles of Cognitive Radio},
	Year = {2013}}

@article{ref:Hybrid,
	Author = {Duan, Lingjie and Gao, Lin and Huang, J},
	Journal = IEEE_J_MC,
	Month = jan,
	Number = {1},
	Pages = {174--187},
	Title = {Cooperative Spectrum Sharing: A Contract-Based Approach},
	Volume = {13},
	Year = {2014}}
\bibitem{ref:Hybrid} D. Tuan, B.L. Mark, ``Joint spatial-temporal spectrum sensing for cognitive radio networks,'' , \emph{IEEE Transactions on Vehicular Technology}, vol.59, no.7, pp.3480,3490, Sept. 2010
@inproceedings{ref:Laneman2001,
	Address = {Washington, DC},
	Author = {Laneman, J. Nicholas and Wornell, Gregory W.},
	Booktitle = {Proc. of ARL FedLab Symposium on Advanced Telecommunications and Information Distribution},
	Pages = {294--},
	Title = {An Efficient Protocol for Realizing Distributed Spatial Diversity in Wireless Ad-hoc Networks},
	Year = {2001}}



\bibitem{ref:Hybrid2} Q. Wu et.al., ``Spatial-Temporal Opportunity Detection for Spectrum-Heterogeneous Cognitive Radio Networks: Two-Dimensional Sensing,'' \emph{IEEE Trans. on Wireless Commun.}, vol.12, no.2, pp.516-526, Feb. 2013.

\bibitem{ref:HybridVehicular} D. Guoru, et.al., ``Joint exploration and exploitation of spatial-temporal spectrum hole for cognitive vehicle radios,'' \emph{2011 IEEE International Conference on Signal Processing, Communications and Computing (ICSPCC)}, pp.1-4, Sep. 2011.

\bibitem{ref:Hybrid3}  M. G. Khoshkholgh, K. Navaie, and H. Yanikomeroglu, ``Access strategies for spectrum sharing in fading environment: overlay, underlay and mixed,'' \emph{IEEE Trans. Mobile Comput.}, vol. 9, no. 12, pp. 1780-1793, Dec. 2010.

\bibitem{ref:Cellular} E. G. Larsson, M. Skoglund, ``Cognitive radio in a frequency-planned environment: some basic limits,'' \emph{IEEE Transactions on Wireless Communications}, vol.7, no.12, pp.4800-06, Dec. 2008.

\bibitem{ref:Cellular2} E. Axell, E.G. Larsson, D. Danev, ``Capacity considerations for uncoordinated communication in geographical spectrum holes,'' \emph{Physical Communication}, vol. 2, no.1, pp- 3-9, Mar. 2009.

\bibitem{ref:DualTesselation} J. J. Alcaraz, J. A. Ayala-Romero, M. Lopez-Martinez, J. Vales-Alonso, ``Combining Dual Tesselation and Temporal Access for Spectrum Reuse in Cellular Systems'', \emph{11th International Symposium on Wireless Communication Systems}, Aug. 2014.

\bibitem{ref:Goldsmith} A. Goldsmith, \emph{Wireless Communications}, Cambridge University Press, 2005.

\bibitem{ref:RSM_book} K. Marti, \emph{Stochastic Optimization Methods}, Springer-Verlag, Berlin-Heidelberg, 2008.

\bibitem{ref:RSM_restr} E. Angün et.al., \emph{Response surface methodology with stochastic constraints for expensive simulation}, Journal of the Operational Research Society, 60 (6) (2009), pp. 735-746.