
\bibitem{ref:FCC2002} FCC. (2002). Report of the spectrum efficiency working group. Techical report. FCC Spectrum Policy Task Force.
\bibitem{ref:Mitola1999} Mitola, J., \& Maguire, G. Q. (1999). Cognitive radio: making software radios more personal.\textit{ IEEE Personal Communications}, 6(4), 13–18. doi:10.1109/98.788210
\bibitem{ref:Valletti2001} Valletti, T. (2001). Spectrum trading. \textit{Telecommunications Policy}, 25(10-11), 655–670. doi:10.1016/S0308-5961(01)00043-X
\bibitem{ref:Zhao2007} Zhao, Q., \& Sadler, B. M. (2007). A survey of dynamic spectrum access. \textit{IEEE Signal Processing Magazine}, 24(3), 79–89. doi:10.1109/MSP.2007.361604
\bibitem{ref:BWang2011} Wang, B., \& Liu, K. (2011). Advances in cognitive radio networks: A survey. \textit{IEEE Selected Topics in Signal Processing}, 5(1), 5–23. doi:10.1109/JSTSP.2010.2093210
\bibitem{ref:Mayo2010} Mayo, J. W., \& Wallsten, S. (2010). Enabling efficient wireless communications: The role of secondary spectrum markets. \textit{Information Economics and Policy}, 22(1), 61–72. doi:10.1016/j.infoecopol.2009.12.005
\bibitem{ref:Yoon2012} Yoon, H., Hwang, J., \& Weiss, M. B. H. (2012). An analytic research on secondary-spectrum trading mechanisms based on technical and market changes. \textit{Computer Networks}, 56(1), 3–19. doi:10.1016/j.comnet.2011.05.017
\bibitem{ref:YZhao2009} Zhao, Y., Mao, S., Neel, J., \& Reed, J. (2009). Performance evaluation of cognitive radios: Metrics, utility functions, and methodology. \textit{Proceedings of the IEEE}, 97(4).
\bibitem{ref:802} Niyato, D., Hossain, E., \& Han, Z. (2009). Dynamic spectrum access in IEEE 802.22-based cognitive wireless networks: a game theoretic model for competitive spectrum bidding and pricing. \textit{IEEE Wireless Communications}, 16(2), 16–23.
\bibitem{ref:ECMA} Standard ECMA-392. (2009). MAC and PHY for Operation in TV White Space.
\bibitem{ref:802.19.1} Sun, C., \& Tran, H.N., \& Rahman, M. A., \& Filin, S., \& Alemseged, Y. D., \& Villardi, G., \& Harada, H. (2009). P802.19.1 Assumptions and Architecture
\bibitem{ref:802.11} IEEE 802.11 Working Group on Wireless Local Area Networks, \url{http://www.ieee802.org/11/} Accessed 10 July 2013
\bibitem{ref:SCC} IEEE P1900.5 Policy Language and Policy Architectures for Managing Cognitive Radio for Dynamic Spectrum Access Applications \url{https:// ict-e3.eu/project/standardization/IEEE-SCC41.html} Accessed 10 July 2013
\bibitem{ref:Adler2012} Adler, J. (2012). Raging bulls: how Wall Street got addicted to light-speed trading. Wired.com. Retrieved from \url{http://www.wired.com/business/2012/08/ff_wallstreet_trading/all/} Accessed 15 June 2013

\bibitem{ref:Maharjan2011} Maharjan, S., Zhang, Y., \& Gjessing, S. (2011). Economic approaches for cognitive radio networks: a survey. \textit{Wireless Personal Communications}, 57(1), 33–51. doi:10.1007/s11277-010-0005-9
\bibitem{ref:Hossain2009} Hossain, E., Niyato, D., \& Han, Z. (2009). \textit{Dynamic spectrum access and management in cognitive radio networks}. Cambridge University Press.
\bibitem{ref:Niyato2008_Spec} Niyato, D., \& Hossain, E. (2008). Spectrum trading in cognitive radio networks: a market-equilibrium-based approach.\textit{ IEEE Wireless Communications}, (December), 71–80.
\bibitem{ref:Niyato2008_Mark} Niyato, D., \& Hossain, E. (2008). Market-equilibrium, competitive, and cooperative pricing for spectrum sharing in cognitive radio networks: analysis and comparison. \textit{IEEE Transactions on Wireless Communications}, 7(11), 4273–4283. 
\bibitem{ref:Niyato2007_Hier} Niyato, D., \& Hossain, E. (2007). Hierarchical spectrum sharing in cognitive radio: a microeconomic approach. \textit{IEEE Wireless Communications and Networking Conference, 2007.WCNC 2007.}, 3822–3826. doi:10.1109/WCNC.2007.699
\bibitem{ref:Niyato2007_Eq} Niyato, D., \& Hossain, E. (2007). Equilibrium and disequilibrium pricing for spectrum trading in cognitive radio: a control-theoretic approach. \textit{IEEE Global Telecommunications Conference, 2007. GLOBECOM  ’07.}, 4852–4856. doi:10.1109/GLOCOM.2007.920
\bibitem{ref:Niyato2010} Niyato, D., \& Hossain, E. (2010). A microeconomic model for hierarchical bandwidth sharing in dynamic spectrum access networks. \textit{IEEE Transactions on Computers}, 59(7), 865–877.
\bibitem{ref:Xu2011} Xu, P., Kapoor, S., \& Li, X. (2011). Market equilibria in spectrum trading with multi-regions and multi-channels. \textit{IEEE Global Telecommunications Conference (GLOBECOM 2011)}, 2011, 0–4.

\bibitem{ref:Niyato2007_Game} Niyato, D., \& Hossain, E. (2007). A game-theoretic approach to competitive spectrum sharing in cognitive radio networks. \textit{IEEE Wireless Communications and Networking Conference}, 2007.WCNC 2007., 16–20. doi:10.1109/WCNC.2007.9
\bibitem{ref:Mutlu2008} Mutlu, H., Alanyali, M., \& Starobinski, D. (2008). Spot pricing of secondary spectrum usage in wireless cellular networks. \textit{IEEE INFOCOM 2008. The 27th Conference on Computer Communications.}, 682–690. doi:10.1109/INFOCOM.2008.118
\bibitem{ref:Wang2008} Wang, F., Krunz, M., \& Cui, S. (2008). Price-based spectrum management in cognitive radio networks. \textit{IEEE Journal of Selected Topics in Signal Processing}, 2(1), 74–87. doi:10.1109/JSTSP.2007.914877
\bibitem{ref:Yu2010} Yu, H., Gao, L., Li, Z., Wang, X., \& Hossain, E. (2010). Pricing for uplink power control in cognitive radio networks. \textit{IEEE Transactions on Vehicular Technology}, 59(4), 1769–1778.
\bibitem{ref:Gao2011}  Gao, L., Wang, X., Xu, Y., \& Zhang, Q. (2011). Spectrum trading in cognitive radio networks : a contract-theoretic modeling approach. \textit{IEEE Journal on Selected Areas in Communications}, 29(4), 843–855.
\bibitem{ref:Yang2011} Yang, L., Kim, H., Zhang, J., Chiang, M., \& Tan, C. (2011). Pricing-based spectrum access control in cognitive radio networks with random access. \textit{2011 Proceedings IEEE INFOCOM}, 2228–2236.
\bibitem{ref:Xu2012} Xu, D., Liu, X., \& Han, Z. (2012). Decentralized bargain: a two-tier market for efficient and flexible dynamic spectrum access \textit{IEEE Transactions on Mobile Computing}, 1–1. doi:10.1109/TMC.2012.130

\bibitem{ref:Huang2006} Huang, J., Berry, R. A., \& Honig, M. L. (2006). Auction-based spectrum sharing. \textit{Mobile Networks and Applications}, 11(3), 405–418. doi:10.1007/s11036-006-5192-y
\bibitem{ref:Zhou2008} Zhou, X., Gandhi, S., Suri, S., \& Zheng, H. (2008). eBay in the Sky: strategy-proof wireless spectrum auctions. \textit{Proceedings of the 14th ACM international conference on Mobile computing and networking . MobiCom  ’08}, 2–13.	
\bibitem{ref:Huang2008} Huang, J., Han, Z., Chiang, M., \& Poor, H. (2008). Auction-based resource allocation for cooperative communications. \textit{IEEE Journal on Selected Areas in Communications}, 26(7), 1226–1237. doi:10.1109/JSAC.2008.080919
\bibitem{ref:Wang2010_Spec} Wang, X., Li, Z., Xu, P., Xu, Y., Gao, X., \& Chen, H.-H. (2010). Spectrum sharing in cognitive radio networks--an auction-based approach. \textit{IEEE transactions on systems, man, and cybernetics—Part B, Cybernetics}, 40(3), 587–96. doi:10.1109/TSMCB.2009.2034630
\bibitem{ref:Gopinathan2011} Gopinathan, A., Li, Z., \& Wu, C. (2011). Strategyproof auctions for balancing social welfare and fairness in secondary spectrum markets. \textit{2011 Proceedings IEEE INFOCOM}, 3020–3028. doi:10.1109/INFCOM.2011.5935145
\bibitem{ref:Zhu2012} Zhu, Y., Li, B., \& Li, Z. (2012). Truthful spectrum auction design for secondary networks. \textit{2012 Proceedings IEEE INFOCOM}, 873–881. doi:10.1109/INFCOM.2012.6195836
\bibitem{ref:Gandhi2008} Gandhi, S., Buragohain, C., Cao, L., Zheng, H., \& Suri, S. (2008). Towards real-time dynamic spectrum auctions. \textit{Computer Networks}, 52(4), 879–897. doi:10.1016/j.comnet.2007.11.003

\bibitem{ref:Simeone2008} Simeone, O., Stanojev, I., Savazzi, S., Spagnolini, U., \& Pickholtz, R. (2008). Spectrum leasing to cooperating secondary ad hoc networks. \textit{IEEE Journal on Selected Areas in Communications}, 26(1), 203–213.
\bibitem{ref:Jayaweera2009} Jayaweera, S. K., \& Li, T. (2009). Dynamic spectrum leasing in cognitive radio networks via primary-secondary user power control games. \textit{IEEE Transactions on Wireless Communications}, 8(6), 3300–3310. doi:10.1109/TWC.2009.081230
\bibitem{ref:Zhang2009} Zhang, J., \& Zhang, Q. (2009). Stackelberg game for utility-based cooperative cognitive radio networks. \textit{Proceedings of the tenth ACM international symposium on Mobile ad hoc networking and computing. MobiHoc ’09}, 23–31.
\bibitem{ref:Jayaweera2010} Jayaweera, S. K., Vazquez-Vilar, G., \& Mosquera, C. (2010). Dynamic spectrum leasing : a new paradigm for spectrum sharing in cognitive radio networks. \textit{IEEE Transactions on Vehicular Technology}, 59(5), 2328–2339.	
\bibitem{ref:Vazquez2010} Vazquez-Vilar, G., Mosquera, C., \& Jayaweera, S. K. (2010). Primary user enters the game : performance of dynamic spectrum leasing in cognitive radio networks. \textit{IEEE Transactions on Wireless Communications}, 9(12), 3625–3629.
\bibitem{ref:Yi2010} Yi, Y., Zhang, J., Zhang, Q., Jiang, T., \& Zhang, J. (2010). Cooperative communication-aware spectrum leasing in cognitive radio networks. \textit{2010 IEEE Symposium on New Frontiers in Dynamic Spectrum}, 1–11. doi:10.1109/DYSPAN.2010.5457883
\bibitem{ref:Li2011} Li, D., Xu, Y., Wang, X., \& Guizani, M. (2011). Coalitional game theoretic approach for secondary spectrum access in cooperative cognitive radio networks. \textit{IEEE Transactions on Wireless Communications}, 10(3), 844–856. doi:10.1109/TWC.2011.011111.100216
\bibitem{ref:Duan2011_Contract} Duan, L., Gao, L., \& Huang, J. (2011). Contract-based cooperative spectrum sharing. 2011 IEEE International Symposium on Dynamic Spectrum Access Networks, 399–407.	

\bibitem{ref:Illeri2005} Ileri, O., Samardzija, D., \& Mandayam, N. B. (2005). Demand responsive pricing and competitive spectrum allocation via a spectrum server. \textit{2005 First IEEE International Symposium on New Frontiers in Dynamic Spectrum Access Networks, 2005. DySPAN 2005.}, 194–202.
\bibitem{ref:Xing2007} Xing, Y., Chandramouli, R., \& Cordeiro, C. (2007). Price dynamics in competitive agile spectrum access markets. \textit{IEEE Journal on Selected Areas in Communications}, 25(3), 613–621. doi:10.1109/JSAC.2007.070411
\bibitem{ref:Niyato2008_Comp} Niyato, D., \& Hossain, E. (2008). Competitive pricing for spectrum sharing in cognitive radio networks: dynamic game, inefficiency of Nash equilibrium, and collusion. \textit{IEEE Journal on Selected Areas in Communications}, 26(1), 192–202.
\bibitem{ref:Jia2008} Jia, J., \& Zhang, Q. (2008). Competitions and dynamics of duopoly wireless service providers in dynamic spectrum market. \textit{Proceedings of the 9th ACM international symposium on Mobile ad hoc networking and computing. MobiHoc  ’08}, 313–322.
\bibitem{ref:Maille2009} Maille, P., \& Tuffin, B. (2009). Price war with partial spectrum sharing for competitive wireless service providers. \textit{IEEE Global Telecommunications Conference, 2009. GLOBECOM 2009.}, 1-6.
\bibitem{ref:Duan2010_Cog} Duan, L., Huang, J., \& Shou, B. (2010). Cognitive mobile virtual network operator: investment and pricing with supply uncertainty. \textit{2010 Proceedings IEEE INFOCOM}, (February 2009).
\bibitem{ref:Duan2010_Comp} Duan, L., Huang, J., \& Shou, B. (2010). Competition with dynamic spectrum leasing. \textit{IEEE Symposium New Frontiers in Dynamic Spectrum Access Networks 2010}, 1–11.
\bibitem{ref:Duan2011_Duo} Duan, L., \& Huang, JianweiShou, B. (2011). Duopoly competition in dynamic spectrum leasing and pricing. \textit{IEEE Transactions On Mobile Computing}, 11(11), 1706–1719.
\bibitem{ref:Duan2011_Inves} Duan, L., Huang, J., \& Shou, B. (2011). Investment and pricing with spectrum uncertainty: a cognitive operator’s perspective. \textit{IEEE Transactions on Mobile Computing}, 10(11), 1590–1604.
\bibitem{ref:Zhu2012_Dyn} Zhu, K., Niyato, D., Wang, P., \& Han, Z. (2012). Dynamic spectrum leasing and service selection in spectrum secondary market of cognitive radio networks. \textit{IEEE Transactions on Wireless Communications}, 11(3), 1136–1145. doi:10.1109/TWC.2012.010312.110732
\bibitem{ref:Guijarro2011} Guijarro, L., Pla, V., Tuffin, B., Maille, P., \& Vidal, J. R. (2011). Competition and bargaining in wireless networks with spectrum leasing. \textit{2011 IEEE Global Telecommunications Conference (GLOBECOM 2011)}, 1–6.
\bibitem{ref:Min2011} Min, A., Zhang, X., Choi, J., \& Shin, K. G. (2012). Exploiting spectrum heterogeneity in dynamic spectrum market.\textit{ IEEE Transactions on Mobile Computing}, 11(12), 2020–2032.
\bibitem{ref:Kim2011} Kim, H., Choi, J., \& Shin, K. G. (2011). Wi-Fi 2.0: price and quality competitions of duopoly cognitive radio wireless service providers with time-varying spectrum availability. \textit{2011 Proceedings IEEE INFOCOM}, 2453–2461. doi:10.1109/INFCOM.2011.5935067
\bibitem{ref:Tan2010} Tan, Y., Sengupta, S., \& Subbalakshmi, K. P. (2010). Competitive spectrum trading in dynamic spectrum access markets: a price war. \textit{2010 IEEE Global Telecommunications Conference. GLOBECOM 2010}, 1–5. doi:10.1109/GLOCOM.2010.5683358
\bibitem{ref:Dixit2010} Dixit, S., Periyalwar, S., \& Yanikomeroglu, H. (2010). A competitive and dynamic pricing model for secondary users in infrastructure based networks. \textit{2010 IEEE 72nd Vehicular Technology Conference Fall (VTC 2010-Fall)}, 1–5. doi:10.1109/VETECF.2010.5594326
\bibitem{ref:Levi2012} Levent-Levi, T. (2012). Will MVNOs live long and prosper? Amdocs blogs. Retrieved from \url{http://blogs.amdocs.com/voices/2012/06/04/what-do-i-want-for-my-22nd-birthday-my-own-mvno-please/} Accessed 10 May 2013. 

\bibitem{ref:Wang2010_TODA} Wang, S., Xu, P., Xu, X., Tang, S., Li, X., \& Liu, X. (2010). TODA: Truthful Online Double Auction for spectrum allocation in wireless networks. \textit{2010 IEEE Symposium on New Frontiers in Dynamic Spectrum (DySPAN)}, 1–10. doi:10.1109/DYSPAN.2010.5457905
\bibitem{ref:Niyato2009_Dyn} Niyato, D., Hossain, E., \& Han, Z. (2009). Dynamics of multiple-seller and multiple-buyer spectrum trading in cognitive radio networks: a game-theoretic modeling approach. \textit{IEEE Transactions on Mobile Computing}, 8(8), 1009–1022.
\bibitem{ref:Gao2011_MAP} Gao, L., Xu, Y., \& Wang, X. (2011). MAP : Multiauctioneer Progressive auction for dynamic spectrum access. \textit{IEEE Transactions on Mobile Computing}, 10(8), 1144–1161.	
\bibitem{ref:Zhou2009_TRUST} Zhou, X., \& Zheng, H. (2009). TRUST : a general framework for truthful double spectrum auctions. \textit{IEEE INFOCOM 2009}, 999–1007.	
\bibitem{ref:Xu2010} Xu, H., Jin, J., \& Li, B. (2010). A secondary market for spectrum.\textit{ 2010 Proceedings IEEE INFOCOM}, 1–5. doi:10.1109/INFCOM.2010.5462277
\bibitem{ref:Jia2009_Rev} Jia, J., Zhang, Q., Zhang, Q., \& Liu, M. (2009). Revenue generation for truthful spectrum auction in dynamic spectrum access. In \textit{Proceedings of the tenth ACM international symposium on Mobile ad hoc networking and computing} (pp. 3–12).	

\bibitem{ref:Sengupta2007} Sengupta, S., Chatterjee, M., \& Ganguly, S. (2007). An economic framework for spectrum allocation and service pricing with competitive wireless service providers. \textit{2007 2nd IEEE International Symposium on New Frontiers in Dynamic Spectrum Access Networks}, 89–98. doi:10.1109/DYSPAN.2007.19
\bibitem{ref:Sengupta2009} Sengupta, S., \& Chatterjee, M. (2009). An economic framework for dynamic spectrum access and service pricing.\textit{ IEEE/ACM Transactions on Networking}, 17(4), 1200–1213.	
\bibitem{ref:Kaskebar2012} Kasbekar, G. S., \& Sarkar, S. (2010). Spectrum auction framework for access allocation in cognitive radio networks. \textit{IEEE/ACM Transactions on Networking}, 18(6), 1841–1854. doi:10.1109/TNET.2010.2051453	
\bibitem{ref:Ji2008} Ji, Z., \& Liu, K. J. R. (2008). Multi-stage pricing game for collusion-resistant dynamic spectrum allocation. \textit{IEEE Journal on Selected Areas in Communications}, 26(1), 182–191. doi:10.1109/JSAC.2008.080116

\bibitem{ref:Courcoubetis2003} Courcoubetis, C., \& Weber, R. (2003). \textit{Pricing communication networks: economics, technology and modelling}. Wiley.
\bibitem{ref:Yu2011_Cog} Yu, F. R. (2011). \textit{Cognitive radio mobile ad hoc networks}.  Springer.
\bibitem{ref:Liu2010} Liu, K., \& Wang, B. (2010). \textit{Cognitive radio networking and security: A game-theoretic view.} New York: Cambridge University Press.
\bibitem{ref:Hardin1968} Hardin, G. (1968). The Tragedy of the Commons. \textit{Science}, 162(3859), 1243–1248.
\bibitem{ref:MAC} Domenico, A. De, Strinati, E. C., \& Di Benedetto, M.-G. (2012). A survey on MAC strategies for cognitive radio networks. \textit{IEEE Communications Surveys Tutorials}, 14(1), 21–44.
\bibitem{ref:Han2007} Zhu, H., Pandana, C., \& Liu, K. J. R. (2007). Distributive opportunistic spectrum access for cognitive radio using correlated equilibrium and no-regret learning. \textit{IEEE Wireless Communications and Networking Conference, 2007.WCNC 2007.}, 11–15.
\bibitem{ref:Maskery2009} Maskery, M., Krishnamurthy, V., \& Zhao, Q. (2009). Decentralized dynamic spectrum access for cognitive radios: cooperative design of a non-cooperative game. \textit{IEEE Transactions on Communications}, 57(2), 459–469.

\bibitem{ref:Myerson1997} Myerson, R. B. (199). \textit{Game theory: analysis of conflict}. Harvard University Press. 
\bibitem{ref:Shen2013} Shen, S., Lin, X., \& Lok, T. M. (2013). Dynamic Spectrum Leasing under uncertainty: A stochastic variational inequality approach. \textit{2013 IEEE Wireless Communications and Networking Conference (WCNC)}, 727–732. doi:10.1109/WCNC.2013.6554653
\bibitem{ref:Zhang2012} Zhang, Y., Niyato, D., Wang, P., \& Hossain, E. (2012). Auction-based resource allocation in cognitive radio systems. IEEE Communications Magazine, 50(11), 108–120. doi:10.1109/MCOM.2012.6353690
\bibitem{ref:Yan2012} Yan, Y., Huang, J., \& Wang, J. (2012). Dynamic bargaining for relay-based cooperative spectrum sharing. \textit{IEEE Journal on Selected Areas in Communications}, (August), 1480–1493.
\bibitem{ref:Zhang2012_Fair}. Zhang, G., Yang, K., Song, J., \& Li, Y. (2012). Fair and efficient spectrum splitting for unlicensed secondary users in cooperative cognitive radio networks. \textit{Wireless Personal Communications}, 71(1), 299–316. doi:10.1007/s11277-012-0816-y
\bibitem{ref:Pan2006} Pan, M., Liang, S., Xiong, H., Chen, J., \& Li, G. (2006). A novel bargaining based dynamic spectrum management scheme in reconfigurable systems. In \textit{2006 International Conference on Systems and Networks Communications (ICSNC’06)} (Vol. 00, pp. 54–54). IEEE. doi:10.1109/ICSNC.2006.10
\bibitem{ref:Ji2006} Ji, Z., \& Liu, K. J. R. (2006). WSN03-3: Dynamic pricing approach for spectrum allocation in wireless networks with selfish users. In \textit{IEEE Globecom 2006} (pp. 1–5). IEEE. doi:10.1109/GLOCOM.2006.939
\bibitem{ref:Gao2013} Gao, L., Huang, J., \& Shou B. (2013). An integrated contract and auction design for secondary spectrum trading. \textit{IEEE Journal on Selected Areas in Communications}, (March), 581–592. 
\bibitem{ref:Duan2014} Duan, L., Gao, L., \& Huang, J. (2014). Cooperative spectrum sharing: a contract-based approach. \textit{IEEE Transactions on Mobile Computing}, 13(1), 174–187. 
\bibitem{ref:Vidal2013} Vidal, J. R., Pla, V., Guijarro, L., \& Martinez-Bauset, J. (2013). Dynamic spectrum sharing in cognitive radio networks using truthful mechanisms and virtual currency. \textit{Ad Hoc Networks}, 11(6), 1858–1873. doi:10.1016/j.adhoc.2013.04.010
\bibitem{ref:Kim2013} Kim, S. (2013). A repeated Bayesian auction game for cognitive radio spectrum sharing scheme. \textit{Computer Communications}, 36(8), 939–946. doi:10.1016/j.comcom.2013.02.003
\bibitem{ref:Lee2011}Lee, K., Simeone, O., Chae, C.-B., \& Kang, J. (2011). Spectrum leasing via cooperation for enhanced physical-layer secrecy. In \textit{2011 IEEE International Conference on Communications (ICC)} (pp. 1–5). IEEE. doi:10.1109/icc.2011.5963501
\bibitem{ref:Elias2013} Elias, J., \& Martignon, F. (2013). Joint operator pricing and network selection game in cognitive radio networks: equilibrium, system dynamics and price of anarchy. \textit{IEEE Transactions on Vehicular Technology}, 62(9), 4576–4589. 
\bibitem{ref:Galla2013} Galla, T., \& Farmer, J. D. (2013). Complex dynamics in learning complicated games. \textit{Proceedings of the National Academy of Sciences of the United States of America}, 110(4), 1232–6. doi:10.1073/pnas.1109672110
\bibitem{ref:Yan2011} Yan, Y., Huang, J., Zhong, X., Zhao, M., \& Wang, J. (2011). Sequential bargaining in cooperative spectrum sharing: incomplete information with reputation effect. In \textit{2011 IEEE Global Telecommunications Conference - GLOBECOM 2011} (pp. 1–5). IEEE. doi:10.1109/GLOCOM.2011.6134516
\bibitem{ref:Pantisano} F. Pantisano, \textit{et. al.}, ``Spectrum leasing as an incentive towards uplink macrocell and femtocell cooperation,'' \textit{IEEE J. Select. Areas Commun.}, vol.30, no.3, pp.617-30, Apr. 2012.
\bibitem{ref:Yi} Yi, Y., Zhang, J., Zhang, Q., Jiang, T., \& Zhang, J. (2010), ``Cooperative communication-aware spectrum leasing in cognitive radio networks,'' \textit{2010 IEEE Symposium on New Frontiers in Dynamic Spectrum}, Apr. 2010.
\bibitem{ref:Huang2013} Huang, J. (2013). Market mechanisms for cooperative spectrum trading with incomplete network information. \textit{IEEE Communications Magazine}, (October), 201–207. 
\bibitem{ref:Zhang2013} Zhang, Z., Long, K., \& Wang, J. (2013). Self-organization paradigms and optimization approaches for cognitive radio technologies: a survey. \textit{IEEE Wireless Communications}, (April), 36–42. 
\bibitem{ref:Akkara2011} Akkarajitsakul, K., Hossain, E., Niyato, D., \& Kim, D. I. (2011). Game theoretic approaches for multiple access in wireless networks: a survey. \textit{IEEE Communications Surveys \& Tutorials}, 13(3), 372–395. doi:10.1109/SURV.2011.122310.000119
\bibitem{ref:Shoham2007}1. Shoham, Y., Powers, R., \& Grenager, T. (2007). If multi-agent learning is the answer, what is the question? \textit{Artificial Intelligence}, 171(7), 365–377. doi:10.1016/j.artint.2006.02.006