%Introduction
@TECHREPORT{ref:FCC2002,
	Author = {{Federal Communications Commission Spectrum Policy Task Force}},
	Title = {Report of the {S}pectrum {E}fficiency {W}orking {G}roup},
	Year = {2002},
	Note = {{ET} {D}ocket {N}o. 02-135}
	}	
@TECHREPORT{ref:Commission2007,
	Author = {{Commission of the European Communities}},
	Title = {Impact Assessment accompanying document to {COM}(2007)697, {COM}(2007)698, and {COM}(2007)699},
	Year = {2007}
}
@article{ref:Valletti2001,
	Title = {Spectrum trading},
	Journal = {Telecommunications Policy},
	Volume = {25},
	Month = {Oct. - Nov.},
	Number = {10–11},
	Pages = {655-670},
	Year = {2001},
	Author = {Tommaso M. Valletti}
}
@article{ref:Mayo2010,
	Title = {Enabling efficient wireless communications: The role of secondary spectrum markets},
	Journal = {Information Economics and Policy},
	Volume = {22},
	Month = mar,
	Number = {1},
	Pages = {61-72},
	Year = {2010},
	Note = {{W}ireless {T}echnologies},
	Author = {John W. Mayo and Scott Wallsten}
}
@TECHREPORT{ref:ECC2011,
	Author = {{Electronic Communications Committee (ECC)}},
	Title = {Description of practices relative to trading of spectrum rights of use},
	Year = {2011},
	Note = {{ECC} {R}eport 169.}
}
@ARTICLE{ref:Mitola1999, 
	Author ={Mitola, J. and Maguire, G.Q., Jr.}, 
	Journal = IEEE_M_PCOM,
	Title = {Cognitive radio: making software radios more personal}, 
	Year = {1999}, 
	Month = aug, 
	Volume = {6}, 
	Number = {4}, 
	Pages = {13-18}
}
@ARTICLE{ref:Akyildiz2006,
	Author = {Ian F. Akyildiz and Won-Yeol Lee and Mehmet C. Vuran and Shantidev Mohanty},
	Title = {{NeXt} generation/dynamic spectrum access/cognitive radio wireless networks: A survey},
	Journal = {Computer Networks},
	Volume = {50},
	Month = sept,
	Number = {13},
	Pages = {2127-2159},
	Year = {2006}
}
@ARTICLE{ref:Zhao2007_sur, 
	Author = {Qing Zhao and Sadler, B.M.}, 
	Journal = IEEE_M_SP, 
	Title = {A Survey of Dynamic Spectrum Access}, 
	Year = {2007}, 
	Month = may, 
	Volume = {24}, 
	Number = {3}, 
	Pages = {79-89}, 
}
@incollection{ref:Kelly2012,
	Author = {R. B. Kelly and A. Lafrance},
	Title = {Spectrum Trading in the EU and the US - Shifting Ends and Means},
	Booktitle = {The International Comparative Legal Guide to: Telecommunication Laws and Regulations},
	Publisher = {Global Legal Group},
	Year = {2012}
}
@article{ref:Peha2005,
	Author = {J. Peha},
	Title = {Approaches to spectrum sharing},
	Journal = IEEE_M_COM,
	Month = feb,
	Volume = {43},
	Number = {2},
	Pages = {10-12},
	Year = {2005}
}
@article{web:Silver2012,
	Author = {J. Silver-Greenberg, B. Protess},
	Title = {Trying to Be Nimble, Knight Capital Stumbles},
	Journal = {Dealbook, The New York Times},
	Month = aug,
	Url = {http://dealbook.nytimes.com/2012/08/02/trying-to-be-nimble-knight-capital-stumbles/?_r=0},	
	Year = {2012},
	Note = {{Accessed on: Jan. 22, 2015}}
}
@article{ref:Bkassiny2013,
	Author = {M. Bkassiny and Y. Li and S. K. Jayaweera},
	Title = {A Survey on Machine-Learning Techniques in Cognitive Radios},
	Journal = IEEE_O_CSTO,
	Volume = {15},
	Number = {3},
	Pages = {1136-1159},
	Month = oct,
	Year = {2013}
}
@book{ref:White2012,
	author = {J. M. White},
	publisher = {O’Reilly},
	title = {Bandit Algorithms for Website Optimization},
	address = {Sebastopol, CA},
	year = {2012}
}
@book{ref:MATLAB,
	author = {{MATLAB}},
	title = {Release 2014b},
	publisher = {The MathWorks Inc.},
	address = {Natick, MA},
	url = {http://www.mathworks.com/products/matlab/},
	year = {2014}
}
@book{ref:Mathematica,
	author = {Mathematica},
	title = {Version 10.0},
	publisher = {Wolfram Research Inc.},
	address = {Champaign, IL},
	url = {http://www.wolfram.com/mathematica/},
	year = {2014}
}
@book{ref:RStudio,
	author = {{RS}tudio: Integrated development environment for {R}},
	title = {Version 0.98.1091},
	publisher = {{RS}tudio},
	address = {Boston, MA},
	url = {http://www.wolfram.com/mathematica/},
	year = {2014}
}
@book{ref:SciPy,
	author = {E. Jones, T. Oliphant, P. Peterson, et al.},
	title = {SciPy: Open Source Scientific Tools for Python. Version 0.15.0},
	url = {http://www.scipy.org},
	year = {2015}
}
@book{ref:Omnet,
	author = {Andr\'{a}s Varga},
	title = {OMNeT++, Version 4.6},
	url = {http://www.omnetpp.org},
	year = {2015}
}

%Publicaciones propias
@INPROCEEDINGS{ref:Alcaraz2015_BD, 
	Author = {Alcaraz, J.J. and L\'{o}pez-Mart\'{i}nez, M. and Vales-Alonso, J. and Garcia-Haro, J.}, 
	Booktitle = {{IEEE} {ICC}}, 
	Title = {Background Detection of Primary User Activity in Opportunistic Spectrum Access}, 
	Year = {2015},
	Notes = {to be published.}
}

@ARTICLE{ref:Alcaraz2014_BR, 
	Author = {Alcaraz, J.J. and L\'{o}pez-Mart\'{i}nez, M. and Vales-Alonso, J. and Garcia-Haro, J.}, 
	Journal = IEEE_J_JSAC, 
	Title = {Bandwidth Reservation as a Coexistence Strategy in Opportunistic Spectrum Access Environments}, 
	Year = {2014}, 
	Month = mar, 
	Volume = {32}, 
	Number = {3}, 
	Pages = {478-488}
}

@ARTICLE{ref:Alcaraz2015_SPEC_MAN, 
	Author = {Alcaraz, J.J. and L\'{o}pez-Mart\'{i}nez, M. and Vales-Alonso, J. and J. Ayala-Romero and Garcia-Haro, J.}, 
	Journal = {{IEEE} Transactions on Cognitive Communications and Networking}, 
	Title = {Uncertainty-Aware Opportunistic Spectrum Access in Coexistence-Friendly Systems}, 
	Year = {2015},
	Notes = {submitted for publication.}
}

@INPROCEEDINGS{ref:Alcaraz2014_RSM, 
	Author = {Alcaraz, J.J. and Ayala-Romero, J. and L\'{o}pez-Mart\'{i}nez, M. and Vales-Alonso, J.}, 
	Booktitle = {11th International Symposium on Wireless Communications Systems ({ISWCS})},
	Title = {Combining dual tessellation and temporal opportunities for spectrum reuse in cellular systems}, 
	Year = {2014}, 
	Month = aug, 
	Pages = {486-490}
}

@INPROCEEDINGS{ref:Alcaraz2015_RSM, 
	Author = {Alcaraz, J.J. and Ayala-Romero, J. and L\'{o}pez-Mart\'{i}nez, M. and Vales-Alonso, J.}, 
	Booktitle = {{IEEE} {ICC}},
	Title = {Response Surface Methodology for Efficient Spectrum Reuse in Cellular Networks}, 
	Year = {2015}, 
	Notes = {to be published.}
}

@article{ref:Mario2014,
	Author = {L\'{o}pez-Mart\'{\i}nez, Mario and Alcaraz, Juan J. and Vales-Alonso, Javier and Garcia-Haro, Joan},
	Journal = {Wireless Networks},
	Title = {Automated Spectrum Trading Mechanisms: Understanding the Big Picture},
	Month = jan,
	Number = {2},
	Pages = {685--708},
	Volume = {21},
	Year = {2015}
}

@INPROCEEDINGS{ref:Alcaraz2012, 
	Author = {Alcaraz, J.J. and L\'{o}pez-Mart\'{i}nez, M. and Vales-Alonso, J. and Garcia-Haro, J.}, 
	Booktitle = {35th {IEEE} Sarnoff Symposium ({SARNOFF})}, 
	Title = {An {MDP} framework for centralized dynamic spectrum auction}, 
	Year = {2012}, 
	Month = {May}, 
	Pages = {1-5}
}

@INPROCEEDINGS{ref:Mario2015_MAB_CSSA_1, 
	Author = {Alcaraz, J.J. and Ayala-Romero, J.A. and L\'{o}pez-Mart\'{i}nez, M. and Vales-Alonso, J.}, 
	Booktitle = {{IEEE} {ICC}},
	Title = {Multi-Armed Bandits with Dependent Arms for Cooperative Spectrum Sharing}, 
	Year = {2015}, 
	Notes = {to be published.}
}

@ARTICLE{ref:Mario2015_MAB_CSSA_2,
	Author = {López-Martínez, Mario and Alcaraz, Juan J. and Badia L. and Zorzi, M.},
	Journal = IEEE_J_MC,
	Title = {A Superprocess With Upper Confidence Bounds for Cooperative Spectrum Sharing},
	Year={2015},
	Notes = {submitted for publication.}
}
@book{ref:White2012,
	author = {M. Csikszentmihalyi},
	publisher = {Harper Perennial},
	title = {Creativity: The Psychology of Discovery and Invention},
	address = {New York, NY},
	year = {2013},
	edition = {Reprint}
}

















%BD
@article{ref:Zhou2009, 
	author={Xiangwei Zhou and Jun Ma and Li, G.Y. and Young Hoon Kwon and Soong, A.C.K.}, 
	journal=IEEE_J_WCOM, 
	title={Probability-based optimization of inter-sensing duration and power control in cognitive radio}, 
	year={2009}, 
	month=oct, 
	volume={8}, 
	number={10}, 
	pages={4922-4927}
}
@article{ref:Lee2008, 
	author={Won-Yeol Lee and Akyildiz, I.F.}, 
	journal=IEEE_J_WCOM, 
	title={Optimal spectrum sensing framework for cognitive radio networks}, 
	year={2008}, 
	month=oct, 
	volume={7}, 
	number={10}, 
	pages={3845-3857}
}
@article{ref:Zhang2012_opt, 
	author={Jing Zhang and Lina Qi and Hongbo Zhu}, 
	journal=IEEE_J_WCOM, 
	title={Optimization of {MAC} Frame Structure for Opportunistic Spectrum Access}, 
	year={2012}, 
	month=jun, 
	volume={11}, 
	number={6}, 
	pages={2036-2045}
}
@article{ref:Jung2012, 
	author={Jung, E. and Xin Liu}, 
	journal=IEEE_J_NET, 
	title={Opportunistic Spectrum Access in Multiple-Primary-User Environments Under the Packet Collision Constraint}, 
	year={2012}, 
	month=apr, 
	volume={20}, 
	number={2}, 
	pages={501-514}
}
@article{ref:Huang2009, 
	author={Senhua Huang and Xin Liu and Zhi Ding}, 
	journal=IEEE_J_MC, 
	title={Optimal Transmission Strategies for Dynamic Spectrum Access in Cognitive Radio Networks}, 
	year={2009}, 
	month=dec, 
	volume={8}, 
	number={12}, 
	pages={1636-1648}
}
@inproceedings{ref:Huang2008_opp, 
	author={Senhua Huang and Xin Liu and Zhi Ding}, 
	booktitle={IEEE INFOCOM}, 
	title={Opportunistic Spectrum Access in Cognitive Radio Networks}, 
	year={2008}, 
	month=apr
}
@article{ref:Zhang2013_wha, 
	author={Caoxie Zhang and Shin, K.G.}, 
	journal=IEEE_J_JSAC, 
	title={What Should Secondary Users Do Upon Incumbents' Return?}, 
	year={2013}, 
	month={March}, 
	volume={31}, 
	number={3}, 
	pages={417-428}
}
@article{ref:Gabran2013, 
	author={Gabran, W. and Chun-Hao Liu and Pawelczak, P. and Cabric, D.}, 
	journal=IEEE_J_JSAC,
	title={Primary User Traffic Estimation for Dynamic Spectrum Access}, 
	year={2013}, 
	month=mar, 
	volume={31}, 
	number={3}, 
	pages={544-558}
}
@inproceedings{ref:Chockler05,
	 author = {Chockler, Gregory and Demirbas, Murat and Gilbert, Seth and Newport, Calvin and Nolte, Tina},
	 title = {Consensus and Collision Detectors in Wireless Ad Hoc Networks},
	 booktitle = {Proc. of the 24th Annual {ACM} Symposium on Principles of Distributed Computing},
	 year = {2005},
	 pages = {197-206},
} 
@book{ref:Biglieri13,
	author = {E. Biglieri and A. Goldsmith and L. Greenstein and N. Mandayam and H. V. Poor},
	title = {Principles of Cognitive Radio},
	publisher = {Cambridge Univ. Press}
	year = {2013}
}
@inproceedings{ref:Stotas2010, 
	author={Stotas, S. and Nallanathan, A.}, 
	booktitle={{IEEE} {ICC}},
	title={Overcoming the Sensing-Throughput Tradeoff in Cognitive Radio Networks}, 
	year={2010}, 
	month={May}, 
	pages={1-5}
}


















%BR
@ARTICLE{ref:Pawelczak2009, 
	author={Pawelczak, P. and Pollin, S. and Hoi-Sheung So and Bahai, A.R.S. and Venkatesha Prasad, R. and Hekmat, R.}, 
	journal=IEEE_J_VT, 
	title={Performance Analysis of Multichannel Medium Access Control Algorithms for Opportunistic Spectrum Access}, 
	year={2009}, 
	month=jul, 
	volume={58}, 
	number={6}, 
	pages={3014-3031} 
}
@ARTICLE{ref:Domenico2012,
	author={De Domenico, A. and Strinati, E.C. and Di Benedetto, M.}, 
	journal=IEEE_O_CSTO, 
	title={A Survey on {MAC} Strategies for Cognitive Radio Networks}, 
	year={2012}, 
	month=feb, 
	volume={14}, 
	number={1}, 
	pages={21-44}
} 
@ARTICLE{ref:Jia2008_HC, 
	author={Juncheng Jia and Qian Zhang and Xuemin Shen}, 
	journal=IEEE_J_JSAC, 
	title={{HC-MAC}: A Hardware-Constrained Cognitive {MAC} for Efficient Spectrum Management}, 
	year={2008}, 
	month=jan, 
	volume={26}, 
	number={1}, 
	pages={106-117}, 
}
@book{ref:Vasseur2004,
	author = {J.P. Vasseur, M. Pickavet, and P. Demeester},
	publisher = {Morgan Kaufmann},
	title = {Network recovery: Protection and Restoration of Optical, {SONET-SDH}, {IP}, and {MPLS}},
	year = {2004}
}
@INPROCEEDINGS{ref:Ramjee1996, 
	author={Ramjee, R. and Nagarajan, R. and Towsley, D.}, 
	booktitle={{IEEE} {INFOCOM}}, 
	title={On optimal call admission control in cellular networks}, 
	year={1996}, 
	month=mar, 
	volume={1}, 
	pages={43-50 vol.1}
} 
@ARTICLE{ref:Vazquez2006
	author={Vazquez-Avila, J. and Cruz-Perez, F.A. and Ortigoza-Guerrero, L.}, 
	journal=IEEE_J_WCOM, 
	title={Performance analysis of fractional guard channel policies in mobile cellular networks}, 
	year={2006}, 
	month=feb, 
	volume={5}, 
	number={2}, 
	pages={301-305}
} 
@ARTICLE{ref:Liang2011, 
	author={Ying-Chang Liang and Kwang-Cheng Chen and Li, G.Y. and Mahonen, P.}, 
	journal=IEEE_J_VT, 
	title={Cognitive radio networking and communications: an overview}, 
	year={2011}, 
	month=sept, 
	volume={60}, 
	number={7}, 
	pages={3386-3407},
}
@ARTICLE{ref:Wang2011_Adv, 
	author={Beibei Wang and Liu, K.J.R.}, 
	journal={{IEEE} Sel. Topics Signal Process.}, 
	title={Advances in cognitive radio networks: A survey}, 
	year={2011}, 
	month=feb, 
	volume={5}, 
	number={1}, 
	pages={5-23}
} 
@ARTICLE{ref:Wu2012, 
	author={Guangen Wu and Pinyi Ren and Qinghe Du}, 
	journal=IEEE_J_JSAC, 
	title={Recall-Based Dynamic Spectrum Auction with the Protection of Primary Users}, 
	year={2012}, 
	month=nov, 
	volume={30}, 
	number={10}, 
	pages={2070-2081}
}
@INPROCEEDINGS{ref:Tang2006, 
	author={Pak Kay Tang and Yong Huat Chew and Ling Chuen Ong and Haldar, M.K.}, 
	booktitle={{IEEE} {MILCOM}}, 
	title={Performance of Secondary Radios in Spectrum Sharing with Prioritized Primary Access}, 
	year={2006}, 
	month=oct, 
	pages={1-7}
}
@INPROCEEDINGS{ref:Lai2011, 
	author={Jin Lai and Ren Ping Liu and Dutkiewicz, E. and Vesilo, R.}, 
	booktitle={{IEEE} Vehicular Technology Conference (VTC Spring)}, 
	title={Optimal Channel Reservation in Cooperative Cognitive Radio Networks}, 
	year={2011}, 
	month={May}, 
	pages={1-6} 
}
@ARTICLE{ref:Ahmed2009, 
	author={Ahmed, W. and Gao, J. and Suraweera, H.A. and Faulkner, M.}, 
	journal=IEEE_J_WCOM, 
	title={Comments on ``Analysis of cognitive radio spectrum access with optimal channel reservation''}, 
	year={2009}, 
	month=sept, 
	volume={8}, 
	number={9}, 
	pages={4488-4491}
} 
@ARTICLE{ref:Martinez2009, 
	author={Martinez-Bauset, J. and Pla, V. and Pacheco-Paramo, D.}, 
	journal=IEEE_J_COML, 
	title={Comments on ``analysis of cognitive radio spectrum access with optimal channel reservation''}, 
	year={2009}, 
	month=oct, 
	volume={13}, 
	number={10}, 
	pages={739-739}
} 
@ARTICLE{ref:Zhu2007, 
	author={Xiaorong Zhu and Lianfeng Shen and Yum, T.-S.P.}, 
	journal=IEEE_J_COML, 
	title={Analysis of Cognitive Radio Spectrum Access with Optimal Channel Reservation}, 
	year={2007}, 
	month=apr, 
	volume={11}, 
	number={4}, 
	pages={304-306}
} 



@ARTICLE{ref:Li2012, 
	author={Yang Li and Jayaweera, S.K. and Bkassiny, M. and Avery, K.A.}, 
	journal=IEEE_J_WCOM, 
	title={Optimal Myopic Sensing and Dynamic Spectrum Access in Cognitive Radio Networks with Low-Complexity Implementations}, 
	year={2012}, 
	month=jul, 
	volume={11}, 
	number={7}, 
	pages={2412-2423}
} 
@book{ref:Bertsekas2012,
	author = {Bertsekas, D},
	publisher = {Athena Scientific},
	title = {Dynamic Programming and Optimal Control},
	year = {2012},
	edition = {4th},
	volume = {I}
}
@book{ref:Bolch2006,
	author = {D. Bolch},
	publisher = {Wiley-Interscience},
	title = {Queueing Networks and Markov Chains : Modeling and Performance Evaluation With Computer Science Applications},
	year = {2006},
	edition = {2nd}
}
@book{ref:Puterman2005,
	author = {Puterman, M. L.},
	publisher = {Wiley-Interscience},
	title = {Markov Decision Processes: Discrete Stochastic Dynamic Programming},
	year = {2005}
}
@inproceedings{ref:Berthold2008, 
	author={Berthold, U. and Fangwen Fu and van der Schaar, M. and Jondral, F.K.}, 
	booktitle={{IEEE} Symposium on New Frontiers in Dynamic Spectrum Access Networks {(DySPAN)}}, 
	title={Detection of Spectral Resources in Cognitive Radios Using Reinforcement Learning}, 
	year={2008}, 
	month=oct, 
	pages={1-5}
}



























%UA_OSA
@article{ref:Domenico2012,
	author={De Domenico, A. and Strinati, E.C. and Di Benedetto, M.}, 
	journal={Communications Surveys Tutorials, IEEE}, 
	title={A Survey on {MAC} Strategies for Cognitive Radio Networks}, 
	year={2012}, 
	month={First Quarter}, 
	volume={14}, 
	number={1}, 
	pages={21-44}, 
	doi={10.1109/SURV.2011.111510.00108}}

@article{ref:Pawelczak2008,
	author={Pawelczak, P. and Pollin, S. and Hoi-Sheung So and Bahai, A. and Prasad, R.V. and Hekmat, R.}, 
	journal=IEEE_M_WC, 
	title={Quality of service assessment of opportunistic spectrum access: a medium access control approach}, 
	year={2008}, 
	month={October}, 
	volume={15}, 
	number={5}, 
	pages={20-29}, 
	doi={10.1109/MWC.2008.4653128}}

@article{ref:Pawelczak2009,
	author={Pawelczak, P. and Pollin, S. and Hoi-Sheung So and Bahai, A.R.S. and Venkatesha Prasad, R. and Hekmat, R.}, 
	journal=IEEE_J_VT, 
	title={Performance Analysis of Multichannel Medium Access Control Algorithms for Opportunistic Spectrum Access}, 
	year={2009}, 
	month={July}, 
	volume={58}, 
	number={6}, 
	pages={3014-3031}, 
	doi={10.1109/TVT.2008.2009350}}

@article{ref:Jia2008,
	author={Juncheng Jia and Qian Zhang and Xuemin Shen}, 
	journal=IEEE_J_JSAC, 
	title={{HC-MAC}: A Hardware-Constrained Cognitive MAC for Efficient Spectrum Management}, 
	year={2008}, 
	month={Jan}, 
	volume={26}, 
	number={1}, 
	pages={106-117}, 
	doi={10.1109/JSAC.2008.080110}}

@article{ref:Kim2008,
	author={Hyoil Kim and Shin, K.G.}, 
	journal=IEEE_J_MC, 
	title={Efficient Discovery of Spectrum Opportunities with {MAC}-Layer Sensing in Cognitive Radio Networks}, 
	year={2008}, 
	month={May}, 
	volume={7}, 
	number={5}, 
	pages={533-545}, 
	doi={10.1109/TMC.2007.70751}}

@article{ref:Gabran2011,
	author={Gabran, W. and Pawelczak, P. and Cabric, D.}, 
	journal=IEEE_J_VT, 
	title={Throughput and Collision Analysis of Multichannel Multistage Spectrum Sensing Algorithms}, 
	year={2011}, 
	month={Sept}, 
	volume={60}, 
	number={7}, 
	pages={3309-3323}, 
	doi={10.1109/TVT.2011.2160210}}

@inproceedings{ref:Cheng2011, 
	author={Ho Ting Cheng and Hangguan Shan and Weihua Zhuang}, 
	booktitle={{IEEE} {ICC}}, 
	title={Stopping Rule-Driven Channel Access in Multi-Channel Cognitive Radio Networks}, 
	year={2011}, 
	month={June}, 
	pages={1-6}, 
	doi={10.1109/icc.2011.5963187}}

@article{ref:Jung2012,
	author={Jung, E. and Xin Liu}, 
	journal=IEEE_J_NET, 
	title={Opportunistic Spectrum Access in Multiple-Primary-User Environments Under the Packet Collision Constraint}, 
	year={2012}, 
	month={April}, 
	volume={20}, 
	number={2}, 
	pages={501-514}, 
	doi={10.1109/TNET.2011.2164933}}

@article{ref:Zhao2007,
	author={Qing Zhao and Lang Tong and Swami, A. and Yunxia Chen}, 
	journal=IEEE_J_JSAC, 
	title={Decentralized cognitive {MAC} for opportunistic spectrum access in ad hoc networks: A {POMDP} framework}, 
	year={2007}, 
	month={April}, 
	volume={25}, 
	number={3}, 
	pages={589-600},  
	doi={10.1109/JSAC.2007.070409}}

@article{ref:Park2011,
	author={Jihoon Park and Paweczak, P. and Cabric, D.}, 
	journal=IEEE_J_MC, 
	title={Performance of Joint Spectrum Sensing and {MAC} Algorithms for Multichannel Opportunistic Spectrum Access Ad Hoc Networks}, 
	year={2011}, 
	month={July}, 
	volume={10}, 
	number={7}, 
	pages={1011-1027}, 
	doi={10.1109/TMC.2010.255}}

@article{ref:Tang2009,
	author={Shensheng Tang and Mark, B.L.}, 
	journal=IEEE_J_WCOM, 
	title={Modeling and analysis of opportunistic spectrum sharing with unreliable spectrum sensing}, 
	year={2009}, 
	month={April}, 
	volume={8}, 
	number={4}, 
	pages={1934-1943}, 
	doi={10.1109/T-WC.2008.080213}}

@book{ref:Bertsekas2012,
	author = {Bertsekas, D},
	publisher = {Athena Scientific},
	title = {Dynamic Programming and Optimal Control},
	year = {2012},
	edition = {4th},
	volume = {I}}

@book{ref:Puterman2005,
	author = {Puterman, M. L.},
	publisher = {Wiley-Interscience},
	title = {Markov Decision Processes: Discrete Stochastic Dynamic Programming},
	year = {2005}}

@book{ref:Bolch2006,
	author = {Bolch, D.},
	publisher = {Wiley-Interscience},
	title = {Queueing Networks and Markov Chains : Modeling and Performance Evaluation With Computer Science Applications},
	edition = {2nd},
	year = {2006}}

@article{ref:Lima2012,
	author = {de Lima, C.H.M. and Bennis, M. and Latva-aho, M.}, 
	journal = IEEE_J_WCOM, 
	title = {Coordination Mechanisms for Self-Organizing Femtocells in Two-Tier Coexistence Scenarios}, 
	year={2012}, 
	month={June}, 
	volume={11}, 
	number={6}, 
	pages={2212-2223}, 
	doi={10.1109/TWC.2012.041912.110965}}

@inproceedings{ref:ElSawy2013,
	author={ElSawy, H. and Hossain, E.}, 
	booktitle={IEEE Global Communications Conference ({GLOBECOM})}, 
	title={Channel assignment and opportunistic spectrum access in two-tier cellular networks with cognitive small cells}, 
	year={2013}, 
	month={Dec}, 
	pages={4477-4482}, 
	doi={10.1109/GLOCOMW.2013.6855656}}

@article{ref:Wu2012,
	author={Guangen Wu and Pinyi Ren and Qinghe Du}, 
	journal=IEEE_J_JSAC, 
	title={Recall-Based Dynamic Spectrum Auction with the Protection of Primary Users}, 
	year={2012}, 
	month={November}, 
	volume={30}, 
	number={10}, 
	pages={2070-2081}, 
	doi={10.1109/JSAC.2012.121120}}

@inproceedings{ref:Maille2009,
	author={Maille, P. and Tuffin, B.}, 
	booktitle={IEEE Global Telecommunications Conference, {GLOBECOM}}, 
	title={Price War with Partial Spectrum Sharing for Competitive Wireless Service Providers}, 
	year={2009}, 
	month={Nov}, 
	pages={1-6}, 
	doi={10.1109/GLOCOM.2009.5425725}}

@book{ref:Biglieri2012,
	author = {Ezio Biglieri and Andrea J. Goldsmith and Larry J. Greenstein and Narayan B. Mandayam and H. Vincent Poor},
	publisher = {Cambridge University Press},
	title = {Principles of Cognitive Radio},
	year = {2012}}

@phdthesis{ref:Mitola2000,
    address = {Kista, Sweden},
    author = {Mitola, Joseph},
    school = {Royal Institute of Technology (KTH)},
    title = {Cognitive Radio: An Integrated Agent Architecture for Software Defined Radio},
    year = {2000}}

@inproceedings{ref:Mao2010,
	author={Xu Mao and Hong Ji and Leung, V.C.M. and Ming Li}, 
	booktitle={IEEE Global Telecommunications Conference {GLOBECOM}}, 
	title={Performance Enhancement for Unlicensed Users in Coordinated Cognitive Radio Networks via Channel Reservation}, 
	year={2010}, 
	month={Dec}, 
	pages={1-5}, 
	doi={10.1109/GLOCOM.2010.5683296}} 

@article{ref:Kay_Tang2009,
	author={Pak Kay Tang and Yong Huat Chew and Wai-Leong Yeow and Ling Chuen Ong}, 
	journal=IEEE_J_VT, 
	title={Performance Comparison of Three Spectrum Admission Control Policies in Coordinated Dynamic Spectrum Sharing Systems}, 
	year={2009}, 
	month={Sept}, 
	volume={58}, 
	number={7}, 
	pages={3674-3683}, 
	doi={10.1109/TVT.2009.2014873}}

@article{ref:Li2012,
	author={Yang Li and Jayaweera, S.K. and Bkassiny, M. and Avery, K.A.}, 
	journal=IEEE_J_WCOM, 
	title={Optimal Myopic Sensing and Dynamic Spectrum Access in Cognitive Radio Networks with Low-Complexity Implementations}, 
	year={2012}, 
	month={July}, 
	volume={11}, 
	number={7}, 
	pages={2412-2423}, 
	doi={10.1109/TWC.2012.050112.110152}} 

@incollection{ref:Gavrilovska2015,
	author={Gavrilovska, Liljana and Denkovski, Daniel and Rakovic, Valentin and Angjelicinoski, Marko},
	booktitle={Cognitive Radio and Networking for Heterogeneous Wireless Networks},
	title={Medium Access Control Protocols in Cognitive Radio Networks},
	series={Signals and Communication Technology},
	year={2015},
	publisher={Springer International Publishing},
	pages={109-149},
	doi={10.1007/978-3-319-01718-1_4}}

@article{ref:Sun2012,
	author={Chen Sun and Villardi, G.P. and Zhou Lan and Alemseged, Y.D. and Tran, H.N. and Harada, H.}, 
	journal=IEEE_J_VT, 
	title={Optimizing the Coexistence Performance of Secondary-User Networks Under Primary-User Constraints for Dynamic Spectrum Access}, 
	year={2012}, 
	month={Oct}, 
	volume={61}, 
	number={8}, 
	pages={3665-3676}, 
	doi={10.1109/TVT.2012.2206617}}

@article{ref:Alcaraz2013,
	author={Alcaraz, J. J. and L\'{o}pez-Mart\'{i}nez, M. and Vales-Alonso, J. and Garcia-Haro, J.}, 
	journal=IEEE_J_JSAC, 
	title={Bandwidth Reservation as a Coexistence Strategy in Opportunistic Spectrum Access Environments}, 
	year={2014}, 
	month={March}, 
	volume={32}, 
	number={3}, 
	pages={478-488}, 
	doi={10.1109/JSAC.2014.140309}}

@article{ref:Zhao2008, 
	author={Qing Zhao and Krishnamachari, B. and Keqin Liu}, 
	journal=IEEE_J_WCOM, 
	title={On myopic sensing for multi-channel opportunistic access: structure, optimality, and performance}, 
	year={2008}, 
	month={December}, 
	volume={7}, 
	number={12}, 
	pages={5431-5440}}

@inproceedings{ref:Berthold2008, 
	author={Berthold, U. and Fangwen Fu and van der Schaar, M. and Jondral, F.K.}, 
	booktitle={{IEEE} Symposium on New Frontiers in Dynamic Spectrum Access Networks {(DySPAN)}}, 
	title={Detection of Spectral Resources in Cognitive Radios Using Reinforcement Learning}, 
	year={2008}, 
	month={Oct}, 
	pages={1-5}}

@article{ref:Filippi2011, 
	author={Filippi, S. and Cappe, O. and Garivier, A.}, 
	journal=IEEE_J_SP, 
	title={Optimally Sensing a Single Channel Without Prior Information: The Tiling Algorithm and Regret Bounds}, 
	year={2011}, 
	month={Feb}, 
	volume={5}, 
	number={1}, 
	pages={68-76}}

@inproceedings{ref:Lunden2011, 
	author={Lund\'en, J. and Koivunen, V. and Kulkarni, S.R. and Poor, H.V.}, 
	booktitle={{IEEE} Symposium on New Frontiers in Dynamic Spectrum Access Networks {(DySPAN)}}, 
	title={Reinforcement learning based distributed multiagent sensing policy for cognitive radio networks}, 
	year={2011}, 
	month={May}, 
	pages={642-646}}
